@InCollection{GRE,
 Author = {Cornelius {Greither}},
 Title = {{Improving Ramachandra's and Levesque's unit index}},
 BookTitle = {{Number theory. Fifth conference of the Canadian Number Theory Association, Ottawa, Ontario, Canada, August 17--22, 1996}},
 ISBN = {0-8218-0964-4/pbk},
 Pages = {111--120},
 Year = {1999},
 Publisher = {Providence, RI: American Mathematical Society},
 Language = {English},
 MSC2010 = {11R27 11R29 11R33 11R18},
 Zbl = {0940.11050}
}

@Misc{LEV,
 Author = {Claude {Levesque}},
 Title = {{On improving Ramachandra's unit index}},
 Year = {1990},
 Language = {English},
 HowPublished = {{Number theory, Proc. 1st Conf. Can. Number Theory Assoc., Banff/Alberta (Can.) 1988, 325-338 (1990).}},
 MSC2010 = {11R18 11R27},
 Zbl = {0696.12006}
}

@Book{CF,
 Author = {Lawrence C. {Washington}},
 Title = {{Introduction to cyclotomic fields}},
 FJournal = {{Graduate Texts in Mathematics}},
 Journal = {{Grad. Texts Math.}},
 ISSN = {0072-5285; 2197-5612/e},
 Volume = {83},
 Year = {1982},
 Publisher = {Springer, New York, NY},
 Language = {English},
 MSC2010 = {11R18 11R23 11-02 11-01 11R37 11R42 11R27},
 Zbl = {0484.12001}
}
	
@Misc{SIN,
	Author = {W. {Sinnott}},
	Title = {{On the Stickelberger ideal and the circular units of an abelian field}},
	Year = {1981},
	Language = {English},
	HowPublished = {{Theorie des nombres, Semin. Delange-Pisot-Poitou, Paris 1979-80, Prog. Math. 12, 277-286 (1981).}},
	MSC2010 = {11R27 11R11},
	Zbl = {0468.12001}
}

@Book{RIN,
	Author = {Paulo {Ribenboim}},
	Title = {{Classical theory of algebraic numbers}},
	FJournal = {{Universitext}},
	Journal = {{Universitext}},
	ISSN = {0172-5939},
	ISBN = {0-387-95070-2/hbk},
	Pages = {xxiv + 681},
	Year = {2001},
	Publisher = {New York, NY: Springer},
	Language = {English},
	MSC2010 = {11Rxx 11-01},
	Zbl = {1082.11065}
}

@Article{RAM,
	Author = {K. {Ramachandra}},
	Title = {{On the units of cyclotomic fields}},
	FJournal = {{Acta Arithmetica}},
	Journal = {{Acta Arith.}},
	ISSN = {0065-1036; 1730-6264/e},
	Volume = {12},
	Pages = {165--173},
	Year = {1966},
	Publisher = {Polish Academy of Sciences (Polska Akademia Nauk - PAN), Institute of Mathematics (Instytut Matematyczny), Warsaw},
	Language = {English},
	Zbl = {0144.29404}
}