%% LaTeX2e file `presentation.bib'
%% generated by the `filecontents' environment
%% from source `presentation' on 2021/04/12.
%%
